@misc{ome:www,
  title = "Web Site: www.openmicroscopy.org",
  author = {Open Microscopy Environment}
}

@misc{ome:omero-www,
  title = "OMERO Web Site: www.openmicroscopy.org/site/products/omero",
  author = {Open Microscopy Environment}
}

@article{ome:omero-pub,
  title={OMERO: flexible, model-driven data management for experimental biology},
  author={Allan, Chris and Burel, Jean-Marie and Moore, Josh and Blackburn, Colin and Linkert, Melissa and Loynton, Scott and MacDonald, Donald and Moore, William J and Neves, Carlos and Patterson, Andrew and others},
  journal={Nature methods},
  volume={9},
  number={3},
  pages={245--253},
  year={2012},
  publisher={Nature Publishing Group}
}

@conference{soni:views,
  title={{Software architecture in industrial applications}},
  author={Soni, D. and Nord, R.L. and Hofmeister, C.},
  booktitle={Proceedings of the 17th international conference on Software engineering},
  pages={196--207},
  year={1995},
  organization={ACM New York, NY, USA}
}

@article{kruchten:views,
  title={{The 4+ 1 View Model of architecture}},
  author={Kruchten, PB},
  journal={Software, IEEE},
  volume={12},
  number={6},
  pages={42--50},
  year={1995}
}

@book{kruchten:rup,
  title={The rational unified process: an introduction},
  author={Kruchten, Philippe},
  year={2004},
  publisher={Addison-Wesley Professional}
}

@book{anderson:kanban,
  title={Kanban - Successful Evolutionary Change for your Technology Business},
  author={Anderson, David J},
  year={2010},
  publisher={Blue Hole Press}
}

@misc{redmine:www,
  title = "Redmine Web Site: www.redmine.org",
  author = {Redmine Project}
}
